@incollection{absil10,
	author		= "P.-A.~Absil and R.~Mahony and R.~Sepulchre",
	title		= "Optimization on manifolds: methods and
				applications",
	booktitle	= "Recent Advances in Optimization and its
				Applications in Engineering",
	editor		= "M.~Diehl and others",
	publisher	= "Springer Verlag",
	pages		= "125--144",
	year		= "2010"
}

@incollection{arnold01,
	author		= "D.~V.~Arnold and H.-G.~Beyer",
	title		= "Local performance of the {$(\mu/\mu_I,\lambda)$-ES}
				in a noisy environment",
	booktitle	= "Foundations of Genetic Algorithms 6",
	editor		= "W.~N.~Martin and W.~M.~Spears",
	publisher	= "Morgan Kaufmann",
	pages		= "127--141",
	year		= "2001"
}

@book{arnold02a,
	author		= "D.~V.~Arnold",
	title		= "Noisy Optimization with Evolution Strategies",
	publisher	= "Kluwer Academic Publishers",
	year		= "2002"
}

@article{arnold02b,
	author		= "D.~V.~Arnold and H.-G.~Beyer",
	title		= "Performance analysis of evolution strategies with
				multi-recombination  in high-dimensional
				{$I\!\!R^N$}-search spaces disturbed by
				noise",
	journal		= "Theoretical Computer Science",
	volume		= "289",
	number		= "1",
	pages		= "629--647",
	year		= "2002"
}

@article{arnold02c,
	author		= "D.~V.~Arnold and H.-G.~Beyer",
	title		= "Local performance of the {$(1+1)$-ES} in a noisy
				environment",
	journal		= "IEEE Transactions on Evolutionary Computation",
	volume		= "6",
	number		= "1",
	pages		= "30--41",
	year		= "2002"
}

@article{arnold03,
	author		= "D.~V.~Arnold and H.-G.~Beyer",
	title		= "A comparison of evolution strategies with other
				direct search methods in the presence of
				noise",
	journal		= "Computational Optimization and Applications",
	volume		= "24",
	number		= "1",
	pages		= "135--159",
	year		= "2003"
}

@article{arnold04a,
	author		= "D.~V.~Arnold and H.-G.~Beyer",
	title		= "Performance analysis of evolutionary optimization
				with cumulative step length adaptation",
	journal		= "IEEE Transactions on Automatic Control",
	volume		= "49",
	number		= "4",
	pages		= "617--622",
	year		= "2004"
}

@inproceedings{arnold05a,
	author		= "D.~V.~Arnold",
	title		= "Optimal weighted recombination",
	booktitle	= "Foundations of Genetic Algorithms 8",
	editor		= "A.~H.~Wright and others",
	publisher	= "Springer Verlag",
	pages		= "215--237",
	year		= "2005"
}

@article{arnold05b,
	author		= "D.~V.~Arnold and H.-G.~Beyer",
	title		= "Expected sample moments of concomitants of selected
				order statistics",
	journal		= "Statistics and Computing",
	volume		= "15",
	number		= "3",
	pages		= "241--250",
	year		= "2005"
}

@inproceedings{arnold05c,
        author          = "D.~V.~Arnold",
        title           = "Evolution strategies with adaptively rescaled
                                mutation vectors",
        booktitle       = "IEEE Congress on Evolutionary Computation --- CEC
				2005",
        publisher       = "IEEE Press",
	pages		= "2592--2599",
        year            = "2005"
}

@article{arnold07a,
	author		= "D.~V.~Arnold and H.-G.~Beyer",
	title		= "Evolution strategies with cumulative step length
				adaptation on the noisy parabolic ridge",
	journal		= "Natural Computing",
	volume		= "7",
	number		= "4",
	pages		= "555--587",
	year		= "2008"
}

@inproceedings{arnold07b,
	author		= "D.~V.~Arnold",
	title		= "On the use of evolution strategies for optimising
				certain positive definite quadratic forms",
	booktitle	= "Genetic and Evolutionary Computation Conference ---
				GECCO 2007",
	publisher	= "ACM Press",
	pages		= "634--641",
	year		= "2007"
}

@inproceedings{arnold08,
	author		= "D.~V.~Arnold and D.~Brauer",
	title		= "On the behaviour of the {$(1+1)$-ES} for a simple
				constrained problem",
	booktitle	= "Parallel Problem Solving from Nature --- PPSN~X",
	editor		= "G.~Rudolph and others",
	publisher	= "Springer Verlag",
	pages		= "1--10",
	year		= "2008"
}

@article{arnold08a,
	author		= "D.~V.~Arnold and A.~MacLeod",
	title		= "Step length adaptation on ridge functions",
	journal		= "Evolutionary Computation",
	volume		= "16",
	number		= "2",
	pages		= "151--184",
        year		= "2008"
}

@inproceedings{arnold10a,
	author		= "D.~V.~Arnold and N.~Hansen",
	title		= "Active covariance matrix adaptation for the
				$(1+1)$-{CMA-ES}",
	booktitle	= "Genetic and Evolutionary Computation Conference ---
				GECCO 2010",
	publisher	= "ACM Press",
	pages		= "385--392",
	year		= "2010"	
}

@article{arnold10b,
	author		= "D.~V.~Arnold and H.-G.~Beyer",
	title		= "On the behaviour of evolution strategies optimising
				cigar functions",
	journal		= "Evolutionary Computation",
	volume		= "18",
	nuber		= "4",
	pages		= "661--682",
	year		= "2010"
}

@inproceedings{arnold11a,
	author		= "D.~V.~Arnold",
	title		= "On the behaviour of the $(1,\lambda)$-{ES} for a
				simple constrained problem",
	booktitle	= "Foundations of Genetic Algorithms --- FOGA 2011",
	editor		= "H.-G.~Beyer and W.~B.~Langdon",
	publisher	= "ACM Press",
	pages		= "15--24",
	year		= "2011"
}

@inproceedings{arnold11b,
	author		= "D.~V.~Arnold",
	title		= "Analysis of a repair mechanism for the
				$(1,\lambda)$-{ES} applied to a simple
				constrained problem",
	booktitle	= "Genetic and Evolutionary Computation Conference ---
				GECCO 2011",
	publisher	= "ACM Press",
	pages		= "853--860",
	year		= "2011"
}

@inproceedings{arnold12a,
	author		= "D.~V.~Arnold and N.~Hansen",
	title		= "A $(1+1)$-{CMA}-{ES} for constrained optimisation",
	booktitle	= "Genetic and Evolutionary Computation Conference ---
				GECCO 2012",
	publisher	= "ACM Press",
	pages		= "297--304",
	year		= "2012"
}	

@inproceedings{arnold12b,
	author		= "D.~V.~Arnold",
	title		= "On the behaviour of the
				$(1,\lambda)$-$\sigma${SA}-{ES} for a
				constrained linear problem",
	booktitle	= "Parallel Problem Solving from Nature --- PPSN~XII",
	publisher	= "Springer Verlag",
	editor		= "C.~A.~{Coello Coello} and others",
	pages		= "82--91",
	year		= "2012"
}

@article{arnold13a,
	author		= "D.~V.~Arnold",
	title		= "Resampling versus repair in evolution strategies
				applied to a constrained linear problem",
	journal		= "Evolutionary Computation",
	volume		= "21",
	number		= "3",
	pages		= "389--411",
	year		= "2013"
}

@inproceedings{arnold15a,
	author		= "D.~V.~Arnold and J.~Porter",
	title		= "Towards an augmented {Lagrangian} constraint
				handling approach for the {$(1+1)$-ES}",
	booktitle	= "Genetic and Evolutionary Computation Conference ---
				GECCO 2015",
	publisher	= "ACM Press",
	pages		= "249--256",
	year		= "2015"
}
	

@inproceedings{auger05,
	author		= "A.~Auger and N.~Hansen",
	title		= "A restart {CMA} evolution strategy with increasing
				population size",
	booktitle	= "IEEE Congress on Evolutionary Computation --- CEC
				2005",
	publisher	= "IEEE Press",
	pages		= "1769--1776",
	year		= "2005"
}

@inproceedings{auger06,
	author		= "A.~Auger and N.~Hansen",
	title		= "Reconsidering the progress rate theory for
				evolution strategies in finite dimensions",
	booktitle	= "Genetic and Evolutionary Computation Conference ---
				GECCO 2006",
	publisher	= "ACM Press",
	pages		= "445--452",
	year		= "2006"
}

@inproceedings{auger09a,
	author		= "A.~Auger and N.~Hansen",
	title		= "Benchmarking the {$(1+1)$-CMA-ES} on the
				{BBOB-2009} function testbed",
	booktitle	= "Workshop Proceedings of the 2009 Genetic and
				Evolutionary Computation Conference --- GECCO
				2009",
	publisher	= "ACM Press",
	pages		= "2459--2465",
	year		= "2009"
}

@inproceedings{auger09b,
	author		= "A.~Auger and N.~Hansen and J.~M.~{Perez Zerpa} and
				R.~Ros and M.~Schoenauer",
	title		= "Experimental comparisons of derivative free
				optimization algorithms",
	booktitle	= "Proceedings of the 8th International Symposium on
				Experimental Algorithms",
	editor		= "J.~Vahrenhold",
	publisher	= "Springer Verlag",
	pages		= "3--15",
	year		= "2009"
}
	
@book{BFM97,
	author		= "T.~B{\"a}ck and D.~B.~Fogel and Z.~Michalewicz",
	title		= "Handbook of Evolutionary Computation",
	publisher	= "Oxford University Press",
	year		= "1997"
}

@misc{bagheri15,
	author		= "S.~Bagheri and W.~Konen and M.~Emmerich and T.~B{\"a}ck",
	title		= "Solving the {G}-problems in less than 500 iterations: {Improved}
				efficient constrained optimization by surrogate modeling and
				adaptive parameter control",
	howpublished	= "arXiv:1512.09251",
	year		= "2015"
}
	

@incollection{balakrishnan98,
	author		= "N.~Balakrishnan and C.~R.~Rao",
	title		= "Order statistics: An introduction",
	booktitle	= "Handbook of Statistics",
	volume		= "16",
	editor		= "N.~Balakrishnan and others",
	publisher	= "Elsevier",
	pages		= "3--24",
	year		= "1998"
}

@phdthesis{beyer89,
	author		= "H.-G.~Beyer",
	title		= "Ein Evolutionsverfahren zur mathematischen
				Modellierung station{\"a}rer Zust{\"a}nde in
				dynamischen Systemen",
	school		= "Hochschule f{\"u}r Architektur und Bauwesen,
				Weimar",
	year		= "1989"
}

@article{beyer95,
	author		= "H.-G.~Beyer",
	title		= "Toward a theory of evolution strategies: {O}n the
				benefit of sex --- The {$(\mml)$}-theory",
	journal		= "Evolutionary Computation",
	volume		= "3",
	number		= "1",
	pages		= "81--111",
	year		= "1995"
}

@article{beyer96,
	author		= "H.-G.~Beyer",
	title		= "Toward a theory of evolution strategies:
				{S}elf-adaptation",
	journal		= "Evolutionary Computation",
	volume		= "3",
	number		= "3",
	pages		= "311--347",
	year		= "1996"
}

@article{beyer00,
	author		= "H.-G.~Beyer",
	title		= "Evolutionary algorithms in noisy environments:
				Theoretical issues and guidelines for
				practice",
	journal		= "Computer Methods in Mechanics and Applied
				Engineering",
	volume		= "186",
	pages		= "239--267",
	year		= "2000"
}

@book{beyer01a,
	author		= "H.-G.~Beyer",
	title		= "The Theory of Evolution Strategies",
	publisher	= "Springer Verlag",
	year		= "2001"
}

@article{beyer01b,
	author		= "H.-G.~Beyer",
	title		= "On the performance of $(1,\lambda)$-evolution
				strategies for the ridge function class",
	journal		= "IEEE Transactions on Evolutionary Computation",
	volume		= "5",
	number		= "3",
	pages		= "218--235",
	year		= "2001"
}

@article{beyer02a,
	author		= "H.-G.~Beyer and H.-P.~Schwefel",
	title		= "Evolution strategies --- {A} comprehensive
				introduction",
	journal		= "Natural Computing",
	volume		= "1",
	number		= "1",
	pages		= "3--52",
	year		= "2002"
}

@article{beyer02b,
	author		= "H.-G.~Beyer and H.-P.~Schwefel and I.~Wegener",
	title		= "How to analyse evolutionary algorithms",
	journal		= "Theoretical Computer Science",
	volume		= "287",
	number		= "1",
	pages		= "101--130",
	year		= "2002"
}

@inproceedings{beyer03,
	author		= "H.-G.~Beyer and D.~V.~Arnold",
	title		= "The steady state behavior of
				{$(\mu/\mu_I,\lambda)$-ES} on ellipsoidal
				fitness models disturbed by noise",
	booktitle	= "Genetic and Evolutionary Computation --- GECCO
				2003",
	editor		= "E.~Cant{\'u}-Paz and others",
	publisher	= "Springer Verlag",
	pages		= "525--536",
	year		= "2003"
}

@article{beyer03a,
	author		= "H.-G.~Beyer and D.~V.~Arnold",
	title		= "Qualms regarding the optimality of cumulative path
				length control in {CSA/CMA}-evolution
				strategies",
	journal		= "Evolutionary Computation",
	volume		= "11",
	number		= "1",
	pages		= "19--28",
	year		= "2003"
}

@article{beyer04,
	author		= "H.-G.~Beyer and D.~V.~Arnold and S.~Meyer-Nieberg",
	title		= "A new approach for predicting the final outcome of
				 evolution strategy optimization under noise",
	journal		= "Genetic Programming and Evolvable Machines",
	volume		= "6",
	number		= "1",
	pages		= "7--24",
	year		= "2005"
}

@article{boumal14,
	author		= "N.~Boumal and B.~Mishra and P.-A.~Absil and
				R.~Sepulchre",
	title		= "Manopt, a {Matlab} toolbox for optimization on
				manifolds",
	journal		= "Journal of Machine Learning Research",
	note		= "to appear; available at arxiv.org/abs/1308.5200",
	year		= "2014"
}

@inproceedings{CC08,
	author		= "C.~A.~{Coello Coello}",
	title		= "Constraint-handling techniques used with
				evolutionary algorithms",
	booktitle	= "Proceedings of the 2008 GECCO Conference Companion
				on Genetic and Evolutionary Computation",		
	publisher	= "ACM Press",
	pages		= "2445--2466",
	year		= "2008"
}

@incollection{collange10,
	author		= "G.~Collange and N.~Delattre and N.~Hansen and
				I.~Quinquis and M.~Schoenauer",
	title		= "Multidisciplinary optimisation in the design of
				future space launchers",
	editor		= "P.~Breitkopf and R.~F.~Coelho",
	booktitle	= "Multidisciplinary Design Optimization in
				Computational Mechanics",
	publisher	 = "Wiley",
	pages		 = "487--496",
	year		 = "2010"
}
 
@inproceedings{CRH10,
	author		= "G.~Collange and S.~Reynaud and N.~Hansen",
	title		= "Covariance matrix adaptation evolution strategy for
				multidisciplinary optimization of expendable
				launcher families",
	booktitle	= "Proceedings of the 13th AIAA/ISSMO
				Multidisciplinary Analysis Optimization
				Conference",
	publisher	= "American Institute of Aeronautics and
				Astronautics",
	year		= "2010"
}

@article{colutto10,
	author		= "S.~Colutto and F.~Fr{\"u}hauf and M.~Fuchs and
				O.~Scherzer",
	title		= "The {CMA-ES} on {R}iemannian manifolds to
				reconstruct shapes in {3-D} voxel images",
	journal		= "IEEE Transactions on Evolutionary Computation",
	volume		= "14",
	number		= "2",
	pages		= "227--245",
	year		= "2010"
}

@incollection{datta15,
	author		= "R.~Datta and K.~Deb",
	title		= "Constrained evolutionary optimization: {A} hybrid approach",
	booktitle	= "Constrained Evolutionary Optimization",
	editor		= "R.~Datta and K.~Deb",
	publisher	= "Springer Verlag",
	pages		= "249--313",
	year		= "2015"
}

@incollection{david98,
	author		= "H.~A.~David and H.~N.~Nagaraja",
	title		= "Concomitants of order statistics",
	booktitle	= "Handbook of Statistics",
	volume		= "16",
	editor		= "N.~{Bala\-krish\-nan} and others",
	publisher	= "Elsevier",
	pages		= "487--513",
	year		= "1998"
}

@article{deb13,
	author		= "K.~Deb and R.~Datta",
	title		= "A bi-objective constrained optimization algorithm using a hybrid
				evolutionary and penalty function approach",
	journal		= "Engineering Optimization",
	volume		= "45",
	number		= "5",
	pages		= "503--527",
	year		= "2013"
}

@article{FC60,
	author		= "R.~A.~Fisher and E.~A.~Cornish",
	title		= "The percentile points of distributions having known
				cumulants",
	journal		= "Technometrics",
	volume		= "2",
	number		= "2",
	pages		= "209--225",
	year		= "1960"
}

@book{FP87,
	author		= "C.~Floudas and P.~Pardalos",
	title		= "A Collection of Test Problems for Constrained
				Global Optimization Algorithms",
	publisher	= "Springer Verlag",
	year		= "1987"
}

@book{hansen98,
	author		= "N.~Hansen",
	title		= "Verallgemeinerte individuelle Schrittweitenregelung
				in der Evo\-lu\-tions\-stra\-tegie",
	publisher	= "Mensch \& Buch Verlag, Berlin",
	year		= "1998"
}

@article{hansen01,
	author		= "N.~Hansen and A.~Ostermeier",
	title		= "Completely derandomized self-adap\-ta\-tion in
				evolution strategies",
	journal		= "Evolutionary Computation",
	volume		= "9",
	number		= "2",
	pages		= "159--195",
	year		= "2001"
}

@article{hansen03,
	author		= "N.~Hansen and S.~D.~M{\"u}ller and
				P.~Koumoutsakos",
	title		= "Reducing the time complexity of the derandomized
				evolution strategy with covariance matrix
				adaptation {(CMA-ES)}",
	journal		= "Evolutionary Computation",
	volume		= "11",
	number		= "1",
	pages		= "1--18",
	year		= "2003"
}

@inproceedings{hansen08,
	author		= "N.~Hansen",
	title		= "Adaptive encoding: How to render search coordinate
				system invariant",
	booktitle	= "Parallel Problem Solving from Nature --- PPSN~X",
	editor		= "G.~Rudolph and others",
	publisher	= "Springer Verlag",
	pages		= "205--214",
	year		= "2008"
}

@inproceedings{hansen10,
	author		= "N.~Hansen and A.~Auger and R.~Ros and S.~Finck and
				P.~Po{\v{s}}\'{\i}k",
	title		= "Comparing results of 31 algorithms from the
				black-box optimization benchmarking
				{BBOB}-2009",
	booktitle	= "Genetic and Evolutionary Computation Conference
				Companion --- GECCO 2010",
	publisher	= "ACM Press",
	pages		= "1689--1696",
	year		= "2010"
}

@article{hansen11,
	author		= "N.~Hansen and R.~Ros and N.~Mauny and M.~Schoenauer
				and A.~Auger",
	title		= "Impacts of invariance in search: {When} {CMA-ES}
				and {PSO} face ill-conditioned and
				non-separable problems",
	journal		= "Applied Soft Computing",
	volume		= "11",
	number		= "8",
	pages		= "5755--5769",
	year		= "2011"
}

@incollection{hansen15,
	author		= "N.~Hansen and D.~V.~Arnold and A.~Auger",
	title		= "Evolution strategies",
	booktitle	= "Springer Handbook of Computational Intelligence",
	editor		= "J.~Kacprzyk and W.~Pedrycz",
	publisher	= "Springer Verlag",
	pages		= "871--898",
	year		= "2015"
}

@article{hellwig16,
	author		= "M.~Hellwig and D.~V.~Arnold",
	title		= "Comparison of constraint handling mechanisms for
				the {$(1,\lambda)$-ES} on a simple constrained
				problem",
	journal		= "Evolutionary Computation",
	volume		= "24",
	number		= "1",
	pages		= "1--23",
	year		= "2016"
}

@inproceedings{herdy92,
	author		= "M.~Herdy",
	title		= "Reproductive isolation as strategy parameter in
				hierarchically organized evolution
				strategies",
	booktitle	= "Parallel Problem Solving from Nature --- PPSN~II",
	editor		= "R.~M{\"a}nner and B.~Manderick",
	publisher	= "Elsevier",
	pages		= "207--217",
	year		= "1992"
}

@article{herdy93,
	author		= "M.~Herdy",
	title		= "The number of offspring as strategy parameter in
				hierarchically organized evolution
				strategies",
	journal		= "ACM SIGBIO Newsletter",
	volume		= "13",
	number		= "2",
	pages		= "2--9",
	year		= "1993"
}

@book{himmelblau72,
	author		= "D.~M.~Himmelblau",
	title		= "Applied Nonlinear Programming",
	publisher	= "McGraw-Hill",
	year		= "1972",
}

@book{HS81,
	author		= "W.~Hock and K.~Schittkowski",
	title		= "Test Examples for Nonlinear Programming Codes",
	publisher	= "Springer Verlag",
	year		= "1981"
}

@article{huckemann10,
	author		= "S.~Huckemann and T.~Hotz and A.~Munk",
	title		= "Intrinsic {MANOVA} for {R}iemannian manifolds with
				an application to {K}endall's space of planar
				shapes",
	journal		= "IEEE Transactions on Pattern Analysis and Machine
				Intelligence",
	volume		= "32",
	number		= "4",
	pages		= "593--603",
	year		= "2010"
}

@inproceedings{ish06,
	author		= "C.~Igel and T.~Suttorp and N.~Hansen",
	title		= "A computational efficient covariance matrix update
				and a (1+1)-{CMA} for evolution strategies",
	booktitle	= "Genetic and Evolutionary Computation Conference ---
				GECCO 2006",
	publisher	= "ACM Press",
	pages		= "453--460",
 	year		= "2006"
}

@inproceedings{j03,
	author		= "J.~J{\"a}gersk{\"u}pper",
	title		= "Analysis of a simple evolutionary algorithm for
				minimization in {Euclidean} spaces",
	booktitle	= "Automata, Languages, and Programming --- ICALP
				2003",
	publisher	= "Springer Verlag",
	pages		= "1068--1079",
	year		= "2003"
}

@incollection{j05,
	author		= "J.~J{\"a}gersk{\"u}pper",
	title		= "Rigorous runtime analysis of the {$(1+1)$ ES}:
				1/5-rule and ellipsoidal fitness landscapes",
	booktitle	= "Foundations of Genetic Algorithms 8",
	editor		= "A.~H.~Wright and others",
	publisher	= "Springer Verlag",
	pages		= "260--281",
	year		= "2005"
}

@article{j06,
	author		= "J.~J{\"a}gersk{\"u}pper",
	title		= "How the {$(1+1)$ ES} using isotropic mutations
				minimizes positive definite quadratic forms",
	journal		= "Theoretical Computer Science",
	volume		= "361",
	number		= "1",
	pages		= "38--56",
	year		= "2006"
}

@inproceedings{ja06,
	author		= "G.~A.~Jastrebski and D.~V.~Arnold",
	title		= "Improving evolution strategies through active
				covariance matrix adaptation",
	booktitle	= "IEEE World Congress on Computational Intelligence
				--- WCCI 2006",
	publisher	= "IEEE Press",
	pages		= "9719--9726",
	year		= "2006"
}

@article{kern04,
	author		= "S.~Kern and S.~D.~M{\"u}ller and N.~Hansen and
				D.~B{\"u}che and J.~Ocenasek and
				P.~Koumoutsakos",
	title		=  "Learning probability distributions in continuous
				evolutionary algorithms --- {A} comparative
				review",
	journal		= "Natural Computing",
	volume		= "3",
	number		= "1",
	pages		= "77--112",
	year		= "2004"
}

@article{kissinger99,
	author		= "C.~R.~Kissinger and D.~K.~Gehlhaar and
				D.~B.~Fogel",
	title		= "Rapid automated molecular replacement by
				evolutionary search",
	journal		= "Acta Crystallographica",
	volume		= "D55",
	pages		= "484--491",
	year		= "1999"
}

@article{kok09,
	author		= "S.~Kok and C.~Sandrock",
	title		= "Locating and characterizing the stationary points
				of the extended Rosenbrock function",
	journal		= "Evolutionary Computation",
	volume		= "17",
	numer		= "3",
	pages		= "437--453",
	year		= "2009"
}

@inproceedings{KBR09,
	author		= "O.~Kramer and A.~Barthelmes and G.~Rudolph",
	title		= "Surrogate constraint functions for {CMA} evolution
				strategies",
	booktitle	= "KI 2009: Advances in Artificial Intelligence",
	editor		= "B.~Mertsching and others",
	publisher	= "Springer Verlag",
	pages		= "169--176",
	year		= "2009"
}

@article{KS06,
	author		= "O.~Kramer and H.-P.~Schwefel",
	title		= "On three new approaches to handle constraints
				within evolution strategies",
	journal		= "Natural Computing",
	volume		= "5",
	number		= "4",
	pages		= "363--385",
	year		= "2006"
}

@inproceedings{KTKB05,
	author		= "O.~Kramer and C.-K.~Ting and H.~{Kleine B\"uning}",
	title		= "A new mutation operator for evolution strategies
				for constrained problems",
	booktitle	= "IEEE Congress on Evolutionary Computation --- CEC
				2005",
	publisher	= "IEEE Press",
	pages		= "2600--2606",
	year		= "2005"
}

@techreport{CEC06,
	author		= "J.~J.~Liang and T.~P.~Runarsson and
				E.~Mezura-Montes and M.~Clerc and
				P.~N.~Suganthan and C.~A.~Coello Coello and
				K.~Deb",
	title		= "Problem definitions and evaluation criteria for the
				{CEC 2006 Special Session on Constrained
				Real-Parameter Optimization}",
	institution	= "Nanyang Technological University, Singapore",
	url		= "http://www.ntu.edu.sg/home/EPNSugan/",
	year		= "2006"
}

@techreport{MS10,
	author		= "R.~Mallipeddi and P.~N.~Suganthan",
	title		= "Problem definitions and evaluation criteria for the
				{CEC 2010 Competition on Constrained
				Real-Parameter Optimization}",
	institution	= "Nanyang Technological University, Singapore",
	url		= "http://www.ntu.edu.sg/home/EPNSugan/",
	year		= "2010"
}

@article{MS96,
	author		= "Z.~Michalewicz and M.~Schoenauer",
	title		= "Evolutionary algorithms for constrained parameter
				optimization problems",
	journal		= "Evolutionary Computation",
	volume		= "4",
	number		= "1",
	pages		= "1--32",
	year		= "1996"
}

@inproceedings{MNB08,
	author		= "S.~Meyer-Nieberg and H.-G.~Beyer",
	title		= "Why noise may be good: {Additive} noise on the
				sharp ridge",
	booktitle	= "Proceedings of the 2008 Genetic and Evolutionary
        			Computation Conference --- GECCO 2008",
	publisher	= "ACM Press",
	pages		= "511--518",
	year		= "2008"
}

@article{MC05,
	author		= "E.~{Mezura-Montes} and C.~A.~{Coello Coello}",
	title		= "A simple multi-membered evolution strategy to solve
				constrained optimization problems",
	journal		= "IEEE Transactions on Evolutionary Computation",
	volume		= "9",
	number		= "1",
	pages		= "1--17",
	year		= "2005"
}

@book{MM09,
	title		= "Constraint-Handling in Evolutionary Optimization",
	editor		= "E.~{Mezura-Montes}",
	publisher	= "Springer Verlag",
	year		= "2009"
}

@article{MC11,
	author		= "E.~Mezura-Montes and C.~A.~{Coello Coello}",
	title		= "Constraint-handling in nature-inspired numerical
				optimization: Past, present, and future",
	journal		= "Swarm and Evolutionary Computation",
	volume		= "1",
	number		= "4",
	pages		= "173--194",
	year		= "2011"
}

@article{more81,
	author		= "J.~J.~Mor{\'e} and B.~S.~Garbow and
				K.~E.~Hillstrom",
	title		= "Testing unconstrained optimization software",
	journal		= "ACM Transactions on Mathematical Software",
	pages		= "17--41",
	year		= "1981"
} 

@book{NW06,
	author		= "J.~Nocedal and S.~Wright",
	title		= "Numerical Optimization",
	edition		= "2nd",
	publisher	= "Springer Verlag",
	year		= "2006"
}

@inproceedings{ostermeier94,
	author		= "A.~Ostermeier and A.~Gawelczyk and N.~Hansen",
	title		= "Step-size adaptation based on non-local use of
				selection information",
	booktitle	= "Parallel Problem Solving from Nature --- PPSN III",
	editor		= "Y.~Davidor and others",
	publisher	= "Springer Verlag",
	pages		= "189--198",
	year		= "1994"
}

@inproceedings{oyman98,
	author		= "A.~I.~Oyman and H.-G.~Beyer and H.-P.~Schwefel",
	title		= "Where elitists start limping: Evolution strategies
				at ridge functions",
	booktitle	= "Parallel Problem Solving from Nature --- PPSN~V",
	editor		= "A.~E.~Eiben and others",
	publisher	= "Springer Verlag",
	pages		= "109--118",
	year		= "1998"
}

@inproceedings{oyman99,
	author		= "A.~I.~Oyman and K.~Deb and H.-G.~Beyer",
	title		= "An alternative constraint handling method for
				evolution strategies",
	booktitle	= "Proceedings of the 1999 IEEE Congress on
				Evolutionary Computation",
	publisher	= "IEEE Press",
	pages		= "612--619",
	year		= "1999"
}

@article{oyman00a,
	author		= "A.~I.~Oyman and H.-G.~Beyer and H.-P.~Schwefel",
	title		= "Analysis of the {$(1,\lambda)$-ES} on the parabolic
				ridge",
	journal		= "Evolutionary Computation",
	volume		= "8",
	number		= "3",
	pages		= "249--265",
	year		= "2000"
}

@article{oyman00b,
	author		= "A.~I.~Oyman and H.-G.~Beyer",
	title		= "Analysis of the {$(\mu/\mu,\lambda)$-ES} on the
				parabolic ridge",
	journal		= "Evolutionary Computation",
	volume		= "8",
	number		= "3",
	pages		= "267--289",
	year		= "2000"
}

@inproceedings{ODB99,
	author		= "A.~I.~Oyman and K.~Deb and H.-G.~Beyer",
	title		= "An alternative constraint handling method for
				evolution strategies",
	booktitle	= "Proceedings of the 1999 IEEE Congress on
				Evolutionary Computation",
	publisher	= "IEEE Press",
	pages		= "612--619",
	year		= "1999"
}

@incollection{qi10,
	author		= "C.~Qi and K.~A.~Gallivan and P.-A.~Absil",
	title		= "Riemannian {BFGS} algorithm with applications",
	booktitle	= "Recent Advances in Optimization and its
				Applications in Engineering",
	editor		= "M.~Diehl and others",
	publisher	= "Springer Verlag",
	pages		= "183--192",
	year		= "2010"
}

@book{rechenberg73,
	author		= "I.~Rechenberg",
	title		= "Evolutionsstrategie --- Optimierung technischer
				Systeme nach Prinzipien der biologischen
				Evolution",
	publisher	= "Friedrich Frommann Verlag",
	year		= "1973"
}

@incollection{rechenberg78,
	author		= "I.~Rechenberg",
	title		= "Evolutionsstrategien",
	booktitle	= "Simulationsmethoden in der Medizin und Biologie",
	editor		= "B.~Schneider and U.~Ranft",
	publisher	= "Springer Verlag",
	pages		= "83--114",
	year		= "1978"
}

@book{rechenberg94,
	author		= "I.~Rechenberg",
	title		= "Evolutionsstrategie '94",
	publisher	= "Friedrich Frommann Verlag",
	year		= "1994"
}

@article{regis14,
	author		= "R.~G.~Regis",
	title		= "Constrained optimization by radial basis function
				interpolation for high-dimensional expensive
				black-box problems with infeasible initial
				points",
	journal		= "Engineering Optimization",
	volume		= "46",
	number		= "2",
	pages		= "218--243",
	year		= "2014"
}

@inproceedings{ros08,
	author		= "R.~Ros and N.~Hansen",
	title		= "A simple modification in {CMA-ES} achieving linear
				time and space complexity",
	booktitle	= "Parallel Problem Solving from Nature --- PPSN~X",
	editor		= "G.~Rudolph and others",
	publisher	= "Springer Verlag",
	pages		= "296--305",
	year		= "2008"
}

@book{rudolph97,
	author		= "G.~Rudolph",
	title		= "Convergence Properties of Evolutionary Algorithms",
	publisher	= "Verlag Dr.~Kova\v{c}",
	year		= "1997"
}

@article{RY00,
	author		= "T.~P.~Runarsson and X.~Yao",
	title		= "Stochastic ranking for constrained evolutionary
				optimization",
	journal		= "IEEE Transactions on Evolutionary Computation",
	volume		= "4",
	number		= "3",
	pages		= "274--283",
	year		= "2000"
}

@article{RY04,
	author		= "T.~P.~Runarsson and X.~Yao",
	title		= "Search biases in constrained evolutionary
				optimization",
	journal		= "IEEE Transactions on Systems, Man and Cybernetics
				--- Part C: Applications and Reviews",
	volume		= "35",
	number		= "2",
	pages		= "233-243",
	year		= "2005"
}

@article{salomon98,
	author		= "R.~Salomon",
	title		= "Evolutionary algorithms and gradient search:
				Similarities and differences",
	journal		= "IEEE Transactions on Evolutionary Computation",
	volume		= "2",
	number		= "2",
	pages		= "45--55",
	year		= "1998"
}

@inproceedings{salomon04,
	author		= "R.~Salomon",
	title		= "The curse of high-dimensional search spaces:
				{O}bserving premature convergence in unimodal
				functions",
	booktitle	= "IEEE Congress on Evolutionary Computation --- CEC
				2004",
	publisher	= "IEEE Press",
	pages		= "918--923",
	year		= "2004"
}

@book{schwefel81,
	author		= "H.-P.~Schwefel",
	title		= "Numerical Optimization of Computer Models",
	publisher	= "Wiley",
	year		= "1981"
}

@book{schwefel95,
	author		= "H.-P.~Schwefel",
	title		= "Evolution and Optimum Seeking",
	publisher	= "Wiley",
	year		= "1995"
}

@article{shi09,
	author		= "T.~Suttorp and N.~Hansen and C.~Igel",
	title		= "Efficient covariance matrix update for variable
				metric evolution strategies",
	journal		= "Machine Learning",
	volume		= "75",
	number		= "2",
	pages		= "167--197",
	year		= "2009"
}

@inproceedings{TS06,
	author		= "T.~Takahama and S.~Sakai",
	title		= "Constrained optimization by the $\epsilon$
				constrained differential evolution with
				gradient-based mutation and feasible elites",
	booktitle	= "IEEE World Congress on Computational Intelligence
				--- WCCI 2006",
	publisher	= "IEEE Press",
	pages		= "308--315",
	year		= "2006"
}

@inproceedings{TS10,
	author		= "T.~Takahama and S.~Sakai",
	title		= "Efficient constrained optimization by the
				$\epsilon$ constrained adaptive differential
				evolution",
	booktitle	= "IEEE World Congress on Computational Intelligence
				--- WCCI 2010",
	publisher	= "IEEE Press",
	pages		= "2052--2059",
	year		= "2010"
}

@inproceedings{TG06,
	author		= "O.~Teytaud and S.~Gelly",
	title		= "General lower bounds for evolutionary algorithms",
	booktitle	= "Parallel Problem Solving from Nature --- PPSN~IX",
	editor		= "T.~P.~Runarsson and others",
	publisher	= "Springer Verlag",
	pages		= "21--31",
	year		= "2006"
}

@inproceedings{whitley04,
	author		= "D.~Whitley and M.~Lunacek and J.~Knight",
	title		= "Ruffled by ridges: How evolutionary algorithms can
				fail",
	booktitle	= "Genetic and Evolutionary Computation ---
				GECCO~2004",
	editor		= "K.~Deb and others",
	publisher	= "Springer Verlag",
	pages		= "294--306",
	year		= "2004"
}

@inproceedings{whitley06,
	author		= "D.~Whitley and M.~Lunacek and A.~Sokolov",
	title		= "Comparing the niches of {CMA-ES}, {CHC} and pattern
				search using diverse benchmarks",
	booktitle	= "Parallel Problem Solving from Nature --- PPSN IX",
	editor		= "T.~P.~Runarsson and others",
	publisher	= "Springer Verlag",
	pages		= "988--997",
	year		= "2006"
}

@article{yang07,
	author		= "Y.~Yang",
	title		= "Globally convergent optimization algorithms on
				{R}iemannian manifolds: {U}niform framework
				for unconstrained and constrained
				optimization",
	journal		= "Journal of Optimization Theory and Applications",
	volume		= "132",
	number		= "2",
	pages		= "245-265",
	year		= "2007"
}
